%YAML 1.1
%TAG !u! tag:unity3d.com,2011:
--- !u!1 &4165192040980974643
GameObject:
  m_ObjectHideFlags: 0
  m_CorrespondingSourceObject: {fileID: 0}
  m_PrefabInstance: {fileID: 0}
  m_PrefabAsset: {fileID: 0}
  serializedVersion: 6
  m_Component:
  - component: {fileID: 1602997243126021087}
  m_Layer: 0
  m_Name: BlindGridGameManager
  m_TagString: Untagged
  m_Icon: {fileID: 0}
  m_NavMeshLayer: 0
  m_StaticEditorFlags: 0
  m_IsActive: 1
--- !u!4 &1602997243126021087
Transform:
  m_ObjectHideFlags: 0
  m_CorrespondingSourceObject: {fileID: 0}
  m_PrefabInstance: {fileID: 0}
  m_PrefabAsset: {fileID: 0}
  m_GameObject: {fileID: 4165192040980974643}
  m_LocalRotation: {x: 0, y: 0, z: 0, w: 1}
  m_LocalPosition: {x: 5.505438, y: 1.83094, z: -5.0838876}
  m_LocalScale: {x: 1, y: 1, z: 1}
  m_Children:
  - {fileID: 3498252526687021156}
  - {fileID: 5531191204400738847}
  m_Father: {fileID: 0}
  m_RootOrder: 0
  m_LocalEulerAnglesHint: {x: 0, y: 0, z: 0}
--- !u!1001 &1719323766341385372
PrefabInstance:
  m_ObjectHideFlags: 0
  serializedVersion: 2
  m_Modification:
    m_TransformParent: {fileID: 1602997243126021087}
    m_Modifications:
    - target: {fileID: 6565965421864291971, guid: 42bed05def727684e9e0ba96aef0412d,
        type: 3}
      propertyPath: m_RootOrder
      value: 1
      objectReference: {fileID: 0}
    - target: {fileID: 6565965421864291971, guid: 42bed05def727684e9e0ba96aef0412d,
        type: 3}
      propertyPath: m_LocalPosition.x
      value: -5.505438
      objectReference: {fileID: 0}
    - target: {fileID: 6565965421864291971, guid: 42bed05def727684e9e0ba96aef0412d,
        type: 3}
      propertyPath: m_LocalPosition.y
      value: -1.83094
      objectReference: {fileID: 0}
    - target: {fileID: 6565965421864291971, guid: 42bed05def727684e9e0ba96aef0412d,
        type: 3}
      propertyPath: m_LocalPosition.z
      value: 5.0838876
      objectReference: {fileID: 0}
    - target: {fileID: 6565965421864291971, guid: 42bed05def727684e9e0ba96aef0412d,
        type: 3}
      propertyPath: m_LocalRotation.w
      value: 1
      objectReference: {fileID: 0}
    - target: {fileID: 6565965421864291971, guid: 42bed05def727684e9e0ba96aef0412d,
        type: 3}
      propertyPath: m_LocalRotation.x
      value: -0
      objectReference: {fileID: 0}
    - target: {fileID: 6565965421864291971, guid: 42bed05def727684e9e0ba96aef0412d,
        type: 3}
      propertyPath: m_LocalRotation.y
      value: -0
      objectReference: {fileID: 0}
    - target: {fileID: 6565965421864291971, guid: 42bed05def727684e9e0ba96aef0412d,
        type: 3}
      propertyPath: m_LocalRotation.z
      value: -0
      objectReference: {fileID: 0}
    - target: {fileID: 6565965421864291971, guid: 42bed05def727684e9e0ba96aef0412d,
        type: 3}
      propertyPath: m_LocalEulerAnglesHint.x
      value: 0
      objectReference: {fileID: 0}
    - target: {fileID: 6565965421864291971, guid: 42bed05def727684e9e0ba96aef0412d,
        type: 3}
      propertyPath: m_LocalEulerAnglesHint.y
      value: 0
      objectReference: {fileID: 0}
    - target: {fileID: 6565965421864291971, guid: 42bed05def727684e9e0ba96aef0412d,
        type: 3}
      propertyPath: m_LocalEulerAnglesHint.z
      value: 0
      objectReference: {fileID: 0}
    - target: {fileID: 6565965421864291973, guid: 42bed05def727684e9e0ba96aef0412d,
        type: 3}
      propertyPath: m_Name
      value: BlindGridRed2
      objectReference: {fileID: 0}
    m_RemovedComponents: []
  m_SourcePrefab: {fileID: 100100000, guid: 42bed05def727684e9e0ba96aef0412d, type: 3}
--- !u!1 &5531191204400738841 stripped
GameObject:
  m_CorrespondingSourceObject: {fileID: 6565965421864291973, guid: 42bed05def727684e9e0ba96aef0412d,
    type: 3}
  m_PrefabInstance: {fileID: 1719323766341385372}
  m_PrefabAsset: {fileID: 0}
--- !u!4 &5531191204400738847 stripped
Transform:
  m_CorrespondingSourceObject: {fileID: 6565965421864291971, guid: 42bed05def727684e9e0ba96aef0412d,
    type: 3}
  m_PrefabInstance: {fileID: 1719323766341385372}
  m_PrefabAsset: {fileID: 0}
--- !u!1001 &1719323767265171661
PrefabInstance:
  m_ObjectHideFlags: 0
  serializedVersion: 2
  m_Modification:
    m_TransformParent: {fileID: 1602997243126021087}
    m_Modifications:
    - target: {fileID: 2832775126681972905, guid: c2169f00a9b77394b8069fce7214a900,
        type: 3}
      propertyPath: m_RootOrder
      value: 0
      objectReference: {fileID: 0}
    - target: {fileID: 2832775126681972905, guid: c2169f00a9b77394b8069fce7214a900,
        type: 3}
      propertyPath: m_LocalPosition.x
      value: -4.433066
      objectReference: {fileID: 0}
    - target: {fileID: 2832775126681972905, guid: c2169f00a9b77394b8069fce7214a900,
        type: 3}
      propertyPath: m_LocalPosition.y
      value: -1.6959448
      objectReference: {fileID: 0}
    - target: {fileID: 2832775126681972905, guid: c2169f00a9b77394b8069fce7214a900,
        type: 3}
      propertyPath: m_LocalPosition.z
      value: -136.6008
      objectReference: {fileID: 0}
    - target: {fileID: 2832775126681972905, guid: c2169f00a9b77394b8069fce7214a900,
        type: 3}
      propertyPath: m_LocalRotation.w
      value: 1
      objectReference: {fileID: 0}
    - target: {fileID: 2832775126681972905, guid: c2169f00a9b77394b8069fce7214a900,
        type: 3}
      propertyPath: m_LocalRotation.x
      value: -0
      objectReference: {fileID: 0}
    - target: {fileID: 2832775126681972905, guid: c2169f00a9b77394b8069fce7214a900,
        type: 3}
      propertyPath: m_LocalRotation.y
      value: -0
      objectReference: {fileID: 0}
    - target: {fileID: 2832775126681972905, guid: c2169f00a9b77394b8069fce7214a900,
        type: 3}
      propertyPath: m_LocalRotation.z
      value: -0
      objectReference: {fileID: 0}
    - target: {fileID: 2832775126681972905, guid: c2169f00a9b77394b8069fce7214a900,
        type: 3}
      propertyPath: m_LocalEulerAnglesHint.x
      value: 0
      objectReference: {fileID: 0}
    - target: {fileID: 2832775126681972905, guid: c2169f00a9b77394b8069fce7214a900,
        type: 3}
      propertyPath: m_LocalEulerAnglesHint.y
      value: 0
      objectReference: {fileID: 0}
    - target: {fileID: 2832775126681972905, guid: c2169f00a9b77394b8069fce7214a900,
        type: 3}
      propertyPath: m_LocalEulerAnglesHint.z
      value: 0
      objectReference: {fileID: 0}
    - target: {fileID: 2832775126681972910, guid: c2169f00a9b77394b8069fce7214a900,
        type: 3}
      propertyPath: blindGrid
      value: 
      objectReference: {fileID: 5531191204400738841}
    - target: {fileID: 2832775126681972911, guid: c2169f00a9b77394b8069fce7214a900,
        type: 3}
      propertyPath: m_Name
      value: GameManager
      objectReference: {fileID: 0}
    m_RemovedComponents: []
  m_SourcePrefab: {fileID: 100100000, guid: c2169f00a9b77394b8069fce7214a900, type: 3}
--- !u!4 &3498252526687021156 stripped
Transform:
  m_CorrespondingSourceObject: {fileID: 2832775126681972905, guid: c2169f00a9b77394b8069fce7214a900,
    type: 3}
  m_PrefabInstance: {fileID: 1719323767265171661}
  m_PrefabAsset: {fileID: 0}
